%YAML 1.1
%TAG !u! tag:unity3d.com,2011:
--- !u!1 &7068966168904652015
GameObject:
  m_ObjectHideFlags: 0
  m_CorrespondingSourceObject: {fileID: 0}
  m_PrefabInstance: {fileID: 0}
  m_PrefabAsset: {fileID: 0}
  serializedVersion: 6
  m_Component:
  - component: {fileID: 7068966168904652012}
  - component: {fileID: 7068966168904652014}
  - component: {fileID: 2119519192}
  m_Layer: 0
  m_Name: Player Input Manager
  m_TagString: Untagged
  m_Icon: {fileID: 0}
  m_NavMeshLayer: 0
  m_StaticEditorFlags: 0
  m_IsActive: 1
--- !u!4 &7068966168904652012
Transform:
  m_ObjectHideFlags: 0
  m_CorrespondingSourceObject: {fileID: 0}
  m_PrefabInstance: {fileID: 0}
  m_PrefabAsset: {fileID: 0}
  m_GameObject: {fileID: 7068966168904652015}
  m_LocalRotation: {x: 0, y: 0, z: 0, w: 1}
  m_LocalPosition: {x: 0, y: 0, z: 0}
  m_LocalScale: {x: 1, y: 1, z: 1}
  m_ConstrainProportionsScale: 0
  m_Children: []
  m_Father: {fileID: 0}
  m_RootOrder: 0
  m_LocalEulerAnglesHint: {x: 0, y: 0, z: 0}
--- !u!114 &7068966168904652014
MonoBehaviour:
  m_ObjectHideFlags: 0
  m_CorrespondingSourceObject: {fileID: 0}
  m_PrefabInstance: {fileID: 0}
  m_PrefabAsset: {fileID: 0}
  m_GameObject: {fileID: 7068966168904652015}
  m_Enabled: 1
  m_EditorHideFlags: 0
  m_Script: {fileID: 11500000, guid: 62899f850307741f2a39c98a8b639597, type: 3}
  m_Name: 
  m_EditorClassIdentifier: 
  m_Actions: {fileID: -944628639613478452, guid: b57ad0b8095c89a438c069d6ffb44a3a, type: 3}
  m_NotificationBehavior: 2
  m_UIInputModule: {fileID: 0}
  m_DeviceLostEvent:
    m_PersistentCalls:
      m_Calls: []
  m_DeviceRegainedEvent:
    m_PersistentCalls:
      m_Calls: []
  m_ControlsChangedEvent:
    m_PersistentCalls:
      m_Calls: []
  m_ActionEvents:
  - m_PersistentCalls:
      m_Calls:
      - m_Target: {fileID: 2119519192}
        m_TargetAssemblyTypeName: PlayerInputManager, Assembly-CSharp
        m_MethodName: OnPlayerMovement
        m_Mode: 0
        m_Arguments:
          m_ObjectArgument: {fileID: 0}
          m_ObjectArgumentAssemblyTypeName: UnityEngine.Object, UnityEngine
          m_IntArgument: 0
          m_FloatArgument: 0
          m_StringArgument: 
          m_BoolArgument: 0
        m_CallState: 2
    m_ActionId: 811a2c59-bf78-42b4-beb2-8ac24477ad9c
    m_ActionName: Player/Move[/Keyboard/leftArrow,/Keyboard/rightArrow,/XInputControllerWindows/dpad/left,/XInputControllerWindows/dpad/right,/XInputControllerWindows/leftStick/left,/XInputControllerWindows/leftStick/right]
  - m_PersistentCalls:
      m_Calls:
      - m_Target: {fileID: 2119519192}
        m_TargetAssemblyTypeName: PlayerInputManager, Assembly-CSharp
        m_MethodName: OnPlayerJump
        m_Mode: 0
        m_Arguments:
          m_ObjectArgument: {fileID: 0}
          m_ObjectArgumentAssemblyTypeName: UnityEngine.Object, UnityEngine
          m_IntArgument: 0
          m_FloatArgument: 0
          m_StringArgument: 
          m_BoolArgument: 0
        m_CallState: 2
    m_ActionId: c1981e60-35c6-4a9a-adc9-bffb97691c29
    m_ActionName: Player/Jump[/Keyboard/space,/XInputControllerWindows/buttonSouth]
  - m_PersistentCalls:
      m_Calls:
      - m_Target: {fileID: 2119519192}
        m_TargetAssemblyTypeName: PlayerInputManager, Assembly-CSharp
        m_MethodName: OnPlayerShoot
        m_Mode: 0
        m_Arguments:
          m_ObjectArgument: {fileID: 0}
          m_ObjectArgumentAssemblyTypeName: UnityEngine.Object, UnityEngine
          m_IntArgument: 0
          m_FloatArgument: 0
          m_StringArgument: 
          m_BoolArgument: 0
        m_CallState: 2
    m_ActionId: b35eb282-7038-445c-b8e8-18f1742bddfc
    m_ActionName: Player/Shoot[/Keyboard/enter,/XInputControllerWindows/buttonEast]
  - m_PersistentCalls:
      m_Calls: []
    m_ActionId: d5abf06b-951c-46b8-a9df-49388d7fdf15
    m_ActionName: UI/Navigate[/XInputControllerWindows/leftStick/up,/XInputControllerWindows/rightStick/up,/XInputControllerWindows/leftStick/down,/XInputControllerWindows/rightStick/down,/XInputControllerWindows/leftStick/left,/XInputControllerWindows/rightStick/left,/XInputControllerWindows/leftStick/right,/XInputControllerWindows/rightStick/right,/XInputControllerWindows/dpad,/Keyboard/w,/Keyboard/upArrow,/Keyboard/s,/Keyboard/downArrow,/Keyboard/a,/Keyboard/leftArrow,/Keyboard/d,/Keyboard/rightArrow]
  - m_PersistentCalls:
      m_Calls: []
    m_ActionId: 88fef065-f059-4941-9397-f9602a348d4a
    m_ActionName: UI/Submit[/Keyboard/enter,/XInputControllerWindows/buttonSouth]
  - m_PersistentCalls:
      m_Calls: []
    m_ActionId: 90a73fa6-fd22-4b53-bf95-5126f45b2330
    m_ActionName: UI/Cancel[/Keyboard/escape,/XInputControllerWindows/buttonEast]
  - m_PersistentCalls:
      m_Calls: []
    m_ActionId: 41953306-4ddf-4b50-8ab9-0e593a71bd20
    m_ActionName: UI/Point[/Mouse/position,/Pen/position]
  - m_PersistentCalls:
      m_Calls: []
    m_ActionId: 3f926670-71b3-4141-84d2-d9dd2b231f20
    m_ActionName: UI/Click[/Mouse/leftButton,/Pen/tip]
  - m_PersistentCalls:
      m_Calls: []
    m_ActionId: 9f985f40-ae50-4e0e-bfe9-058669b36fdb
    m_ActionName: UI/ScrollWheel[/Mouse/scroll]
  - m_PersistentCalls:
      m_Calls: []
    m_ActionId: d140f074-e009-45c4-b17b-b56953e58254
    m_ActionName: UI/MiddleClick[/Mouse/middleButton]
  - m_PersistentCalls:
      m_Calls: []
    m_ActionId: f7b37061-3c16-4133-b411-eeb19ebf31d0
    m_ActionName: UI/RightClick[/Mouse/rightButton]
  - m_PersistentCalls:
      m_Calls: []
    m_ActionId: b84ca14a-3a2e-408c-ab12-048bab4e77fb
    m_ActionName: UI/TrackedDevicePosition
  - m_PersistentCalls:
      m_Calls: []
    m_ActionId: 00b04be6-3959-42d6-8efd-2e4ffc65e358
    m_ActionName: UI/TrackedDeviceOrientation
  - m_PersistentCalls:
      m_Calls:
      - m_Target: {fileID: 2119519192}
        m_TargetAssemblyTypeName: BunnyJump.Player.PlayerInputManager, Assembly-CSharp
        m_MethodName: OnGamePauseToggled
        m_Mode: 1
        m_Arguments:
          m_ObjectArgument: {fileID: 0}
          m_ObjectArgumentAssemblyTypeName: UnityEngine.Object, UnityEngine
          m_IntArgument: 0
          m_FloatArgument: 0
          m_StringArgument: 
          m_BoolArgument: 0
        m_CallState: 2
    m_ActionId: 66840253-16b7-4b8a-a19f-0aae375336e1
    m_ActionName: Player/Pause[/Keyboard/escape]
  m_NeverAutoSwitchControlSchemes: 0
  m_DefaultControlScheme: 
  m_DefaultActionMap: Player
  m_SplitScreenIndex: -1
  m_Camera: {fileID: 0}
--- !u!114 &2119519192
MonoBehaviour:
  m_ObjectHideFlags: 0
  m_CorrespondingSourceObject: {fileID: 0}
  m_PrefabInstance: {fileID: 0}
  m_PrefabAsset: {fileID: 0}
  m_GameObject: {fileID: 7068966168904652015}
  m_Enabled: 1
  m_EditorHideFlags: 0
  m_Script: {fileID: 11500000, guid: 1843a7d749dbbd44f85bff5a1de0ec5e, type: 3}
  m_Name: 
  m_EditorClassIdentifier: 
  playerInput: {fileID: 7068966168904652014}
  debounceTime: 0.1
